<record><leader>00000cas a22000007a 4500</leader><controlfield tag="001">24765945</controlfield><controlfield tag="008">911112d18801881nyuwr ne      0    0eng d</controlfield><datafield ind1=" " ind2=" " tag="010"><subfield code="a">sn 91067018 </subfield></datafield><datafield ind1=" " ind2=" " tag="040"><subfield code="a">NYS</subfield><subfield code="b">eng</subfield><subfield code="c">NYS</subfield><subfield code="d">OCLCQ</subfield></datafield><datafield ind1=" " ind2=" " tag="042"><subfield code="a">msc</subfield></datafield><datafield ind1="0" ind2="4" tag="245"><subfield code="a">The Rockland advertiser and chronicle.</subfield></datafield><datafield ind1="3" ind2="0" tag="246"><subfield code="a">Advertiser and chronicle</subfield></datafield><datafield ind1=" " ind2=" " tag="260"><subfield code="a">Nyack, N.Y. :</subfield><subfield code="b">Horace Greeley Knapp</subfield></datafield><datafield ind1=" " ind2=" " tag="300"><subfield code="a">v.</subfield></datafield><datafield ind1=" " ind2=" " tag="310"><subfield code="a">Weekly</subfield></datafield><datafield ind1="1" ind2=" " tag="362"><subfield code="a">Began in 1880; ceased in 1881?</subfield></datafield><datafield ind1=" " ind2=" " tag="500"><subfield code="a">"A live, fearless, independent progressive weekly newspaper."</subfield></datafield><datafield ind1=" " ind2=" " tag="500"><subfield code="a">Published on Wednesday.</subfield></datafield><datafield ind1=" " ind2=" " tag="588"><subfield code="a">Description based on: Vol. 2, no. 1 (Feb. 11, 1880).</subfield></datafield><datafield ind1=" " ind2=" " tag="588"><subfield code="a">Latest issue consulted: Dec. 29, 1880.</subfield></datafield><datafield ind1=" " ind2="4" tag="651"><subfield code="a">Nyack (N.Y.)</subfield><subfield code="v">Newspapers.</subfield></datafield><datafield ind1=" " ind2=" " tag="752"><subfield code="a">United States</subfield><subfield code="b">New York</subfield><subfield code="c">Rockland</subfield><subfield code="d">Nyack.</subfield></datafield><datafield ind1="0" ind2="0" tag="780"><subfield code="t">Rockland advertiser</subfield><subfield code="w">(DLC)sn 91066999</subfield><subfield code="w">(OCoLC)24679244</subfield></datafield><datafield ind1="0" ind2="0" tag="785"><subfield code="t">Nyack chronicle</subfield></datafield><datafield ind1="1" ind2=" " tag="029"><subfield code="a">AU@</subfield><subfield code="b">000025857373</subfield></datafield></record>